<marcxml:record xmlns:marcxml="http://www.loc.gov/MARC21/slim" xmlns:idx="info:lc/xq-modules/lcindex" xmlns:madsrdf="http://www.loc.gov/mads/rdf/v1#" xmlns:ri="http://id.loc.gov/ontologies/RecordInfo#" xmlns:xlink="http://www.w3.org/1999/xlink" xmlns:rdf="http://www.w3.org/1999/02/22-rdf-syntax-ns#" xmlns:mets="http://www.loc.gov/METS/" xmlns:semtriples="http://marklogic.com/semantic" xmlns:xsi="http://www.w3.org/2001/XMLSchema-instance" xmlns:streams="info:lc/streams#">
            <marcxml:leader>00793cz  a2200193n  4500</marcxml:leader>
            <marcxml:controlfield tag="001">n2003053932</marcxml:controlfield>
            <marcxml:controlfield tag="003">DLC</marcxml:controlfield>
            <marcxml:controlfield tag="005">20170426073759.0</marcxml:controlfield>
            <marcxml:controlfield tag="008">030813n| azannaabn          |n ana      </marcxml:controlfield>
            <marcxml:datafield tag="010" ind1=" " ind2=" ">
              <marcxml:subfield code="a">n 2003053932</marcxml:subfield>
            </marcxml:datafield>
            <marcxml:datafield tag="035" ind1=" " ind2=" ">
              <marcxml:subfield code="a">(OCoLC)oca06127560</marcxml:subfield>
            </marcxml:datafield>
            <marcxml:datafield tag="040" ind1=" " ind2=" ">
              <marcxml:subfield code="a">DLC</marcxml:subfield>
              <marcxml:subfield code="b">eng</marcxml:subfield>
              <marcxml:subfield code="e">rda</marcxml:subfield>
              <marcxml:subfield code="c">DLC</marcxml:subfield>
              <marcxml:subfield code="d">DLC</marcxml:subfield>
              <marcxml:subfield code="d">CMalG</marcxml:subfield>
            </marcxml:datafield>
            <marcxml:datafield tag="110" ind1="2" ind2=" ">
              <marcxml:subfield code="a">Museo di Roma in Trastevere</marcxml:subfield>
            </marcxml:datafield>
            <marcxml:datafield tag="368" ind1=" " ind2=" ">
              <marcxml:subfield code="a">Art museums</marcxml:subfield>
              <marcxml:subfield code="2">lcsh</marcxml:subfield>
            </marcxml:datafield>
            <marcxml:datafield tag="370" ind1=" " ind2=" ">
              <marcxml:subfield code="e">Rome (Italy)</marcxml:subfield>
              <marcxml:subfield code="2">naf</marcxml:subfield>
            </marcxml:datafield>
            <marcxml:datafield tag="670" ind1=" " ind2=" ">
              <marcxml:subfield code="a">Alessandro Blasetti, 2002:</marcxml:subfield>
              <marcxml:subfield code="b">t.p. (Museo di Roma in Trastevere)</marcxml:subfield>
            </marcxml:datafield>
            <marcxml:datafield tag="670" ind1=" " ind2=" ">
              <marcxml:subfield code="a">Il Museo di Roma in Trastevere, 2004:</marcxml:subfield>
              <marcxml:subfield code="b">p. 151 (piazza di Sant'Egidio, 1/b, Roma)</marcxml:subfield>
            </marcxml:datafield>
            <marcxml:datafield tag="670" ind1=" " ind2=" ">
              <marcxml:subfield code="a">Museo di Roma in Trastevere WWW site, viewed April 21, 2017</marcxml:subfield>
              <marcxml:subfield code="b">(the museum houses a collection of paintings, drawings, prints, etc. focusing on popular Roman life from the late 18th to the early 20th century)</marcxml:subfield>
            </marcxml:datafield>
          </marcxml:record>
